@article{performanceLoss,
    author = {Sebastian Hofstätter and Allan Hanbury},
    title = {{Let’s measure run time! Extending the IR replicability infrastructure to include performance aspects}},
    journal = {arXiv preprint arXiv:1907.04614},
    year = {2019},
}

@article{multiStageRetrieval,
    author = {Ruey-Cheng Chen and Luke Gallagher and Roi Blanco and J. Shane Culpepper},
    title = {Efficient Cost-Aware Cascade Ranking in Multi-Stage Retrieval},
    journal = {Proceedings of the 40th International ACM SIGIR Conference on Research and Development in Information Retrieval},
    year = {2017},
    OPTurl = {https://doi.org/10.1145/3077136.3080819},
    doi = {10.1145/3077136.3080819},
    pages = {445--454},
}

@article{vocabularyMismatch1,
    author = {George W. Furnas and Thomas K. Landauer and Louis M. Gomez and Susan T. Dumais},
    title = {The vocabulary problem in human-system communication},
    journal = {Commun. ACM 30},
    year = {1987},
    pages = {964--971},
}

@phdthesis{vocabularyMismatch2,
    author = {Le Zhao},
    title = {Modeling and solving term mismatch for full-text retrieval},
    school = {Carnegie Mellon University},
    year = {2012},
}

@article{snrm,
    author = {Hamed Zamani and Mostafa Dehghani and W. Bruce Croft and Erik Learned-Miller and Jaap Kamps},
    title = {From Neural Re-Ranking to Neural Ranking: Learning a Sparse Representation for Inverted Indexing},
    journal = {Proceedings of the 27th ACM International Conference on Information and Knowledge Management},
    year = {2018},
    pages = {497--506},
}

@article{ann,
    author = {Wen Li and Ying Zhang and Yifang Sun and Wei Wang and Mingjie Li and Wenjie Zhang and Xuemin Lin},
    title = {Approximate nearest neighbor search on high dimensional data—experiments, analyses, and improvement},
    journal = {IEEE Transactions on Knowledge and Data Engineering},
    year = {2019},
    pages = {1475--1488},
}

@article{hnsw,
    author = {Yu A Malkov and Dmitry A Yashunin},
    title = {Efficient and robust approximate nearest neighbor search using hierarchical navigable small world graphs},
    journal = {IEEE transactions on pattern analysis and machine intelligence},
    year = {2018},
    pages = {824--836},
}
